@article{Article01,
    author = {C.A. Corneanu and M.O. Sim√≥n and J.F. Cohn and S.E. Guerrero},
    title = {Survey on RGB, 3D, Thermal, and Multimodal Approaches for Facial Expression Recognition: History, Trends, and Affect-Related Applications},
    journal = {IEEE Transactions on Pattern Analysis and Machine Intelligence},
    volume = 38, 
    pages = {1548-1568}, 
    year = 2016
}

@inproceedings{Article02,
    author = {P. Viola and M. Jones},
    title     = {Rapid Object Detection using a Boosted Cascade of Simple Features},
  booktitle = {2001 {IEEE} Computer Society Conference on Computer Vision and Pattern
               Recognition {(CVPR} 2001), with CD-ROM, 8-14 December 2001, Kauai,
               HI, {USA}},
  pages     = {511-518},
  publisher = {{IEEE} Computer Society},
  year      = {2001},
  url       = {https://doi.org/10.1109/CVPR.2001.990517},
  doi       = {10.1109/CVPR.2001.990517},
  timestamp = {Tue, 02 Jun 2020 13:49:31 +0200},
  biburl    = {https://dblp.org/rec/conf/cvpr/ViolaJ01.bib},
  bibsource = {dblp computer science bibliography, https://dblp.org}
}

@article{Article03,
    author = {N. Sebe and M.S. Lew and Y. Sun, I. Cohen and T. Gevers and T.S. Huang},
    title = {Authentic facial expression analysis},
    journal = {IVC},
    volume = 12, 
    pages = {1856-1863}, 
    year = 2007
}

@article{Article04,
    author = {Y. Yoshitomi and N. Miyawaki and S. Tomita and S. Kimura},
    title = {Facial expression recognition using thermal image processing and neural network},
    journal = {RO-MAN},
    pages = {380-385}, 
    year = 1997
}

@article{Article05,
    author = {K. Sung and T. Poggio},
    title = {Example-based learning for view-based human face detection},
    journal = {IEEE Transactions on Pattern Analysis and Machine Intelligence},
    volume = 20, 
    number = 1,
    pages = {39-51}, 
    year = 1998
}

@article{Article06,
    author = {P.N. Belhumeur and J.P. Hespanha and D.J. Kriegman}, 
    title = {Eigenfaces vs. Fisherfaces: Recognition Using Class Specific Linear Projection},
    journal = {IEEE Transactions on Pattern Analysis and Machine Intelligence},
    volume = 19,
    number = 7,
    pages = {711-720}, 
    year = 1997
}

@article{Article07,
    author = {M. Turk and A. Pentland}, 
    title = {Eigenfaces for Recognition},
    journal = {Journal of Cognitive Neuroscience},
    volume = 3,
    number = 1,
    pages = {71-86}, 
    year = 1991
}

@inproceedings{Article08,
    author = {P. Lucey and J. Cohn and T. Kanade and J. Saragih and Z. Ambadar and I. Matthews},
    year = {2010},
    month = {07},
    pages = {94 - 101},
    title = {The Extended Cohn-Kanade Dataset (CK+): A complete dataset for action unit and emotion-specified expression},
    journal = {2010 IEEE Computer Society Conference on Computer Vision and Pattern Recognition - Workshops, CVPRW 2010},
    doi = {10.1109/CVPRW.2010.5543262}
}

@INPROCEEDINGS{Article09,
  author={A. {Mollahosseini} and D. {Chan} and M. H. {Mahoor}},
  booktitle={2016 IEEE Winter Conference on Applications of Computer Vision (WACV)}, 
  title={Going deeper in facial expression recognition using deep neural networks},
  year={2016},
  pages={1-10},
  doi={10.1109/WACV.2016.7477450}
}

@misc{Article10, 
    title = {Challenges in Representation Learning: Facial Expression Recognition Challenge},
    howpublished = {\\https://www.kaggle.com/c/challenges-in-representation-learning-facial-expression-recognition-challenge},
    note = "[Online; accessed December 17 2020]"
}
